<?xml version="1.0" encoding="UTF-8"?><collection xmlns="http://www.loc.gov/MARC21/slim"><record><leader>00649nam--2200205-u-4500</leader><controlfield tag="001">000053376</controlfield><controlfield tag="002">20161230</controlfield><controlfield tag="005">20161230201051</controlfield><controlfield tag="008">110321s1000------------r-----000-0-eng-d</controlfield><datafield ind1=" " ind2=" " tag="020"><subfield code="a">9295003055</subfield></datafield><datafield ind1=" " ind2=" " tag="040"><subfield code="a">IFIN-HH</subfield></datafield><datafield ind1=" " ind2=" " tag="080"><subfield code="a">530.1</subfield></datafield><datafield ind1="1" ind2=" " tag="100"><subfield code="a">Ferrari, V</subfield></datafield><datafield ind1="1" ind2="0" tag="245"><subfield code="a">Gravitational waves: a challenge to theoretical astrophysics;</subfield><subfield code="b">5-9 june 2000</subfield><subfield code="c">V. ferrari; j.c. miller; l. rezzolla (eds.)</subfield></datafield><datafield ind1=" " ind2=" " tag="260"><subfield code="a">Trieste, Italy</subfield><subfield code="b">The Abdus Salam International Centre For Theoretical Physics</subfield><subfield code="c">2001</subfield></datafield><datafield ind1=" " ind2=" " tag="300"><subfield code="a">495P</subfield></datafield><datafield ind1=" " ind2=" " tag="490"><subfield code="a">Ictp Lecture Notes</subfield><subfield code="v">Vol. 3</subfield></datafield><datafield ind1="1" ind2=" " tag="700"><subfield code="a">Rezzolla, L</subfield><subfield code="e">Ed</subfield></datafield><datafield ind1=" " ind2=" " tag="852"><subfield code="a">81290</subfield><subfield code="c">530.1</subfield></datafield><datafield ind1=" " ind2=" " tag="CAT"><subfield code="a">Sys</subfield><subfield code="c">20110321</subfield><subfield code="h">161423</subfield></datafield></record></collection>